@book{bio,
  title={Георг Кантор из Санкт-Петербурга:(с комментариями Георга Зингера): монография. 2-е изд., перераб. и доп},
  author={Синкевич, ГАЛИНА ИВАНОВНА},
  journal={Санкт-Петербург: Санкт-Петербургский государственный архитектурно-строительный университет},
  year={2023}
}

@article{orig,
title={A}}

@article{used,
title={B}}

